<?xml version='1.0' encoding='UTF-8' ?>
<Document xmlns="urn:iso:std:iso:20022:tech:xsd:camt.053.001.02">
  <BkToCstmrStmt>
    <GrpHdr>
      <MsgId>ABCDEFG_YF0000_20150821A000000000</MsgId>
      <CreDtTm>2015-08-21T22:50:36.000072+02:00</CreDtTm>
      <MsgRcpt>
        <Id>
          <OrgId>
            <Othr>
              <Id>Asdsdf</Id>
              <Issr>GADasd</Issr>
            </Othr>
          </OrgId>
        </Id>
      </MsgRcpt>
      <MsgPgntn>
        <PgNb>1</PgNb>
        <LastPgInd>true</LastPgInd>
      </MsgPgntn>
    </GrpHdr>
    <Stmt>
      <Id>20150821000000005_00000001_00000001</Id>
      <ElctrncSeqNb>27</ElctrncSeqNb>
      <LglSeqNb>9</LglSeqNb>
      <CreDtTm>2015-08-21T22:50:36.000072+02:00</CreDtTm>
      <Acct>
        <Id>
          <IBAN>DE09300606010012345671</IBAN>
        </Id>
        <Ccy>EUR</Ccy>
        <Svcr>
          <FinInstnId>
            <BIC>DAAEDEDDXXX</BIC>
            <ClrSysMmbId>
              <ClrSysId>
                <Cd>ABCDEF</Cd>
              </ClrSysId>
              <MmbId>123456789</MmbId>
            </ClrSysMmbId>
            <Nm>Bank</Nm>
            <PstlAdr>
              <AdrLine>Infinite Loop 1</AdrLine>
              <AdrLine>28195 Berlin</AdrLine>
            </PstlAdr>
            <Othr>
              <Id>DE123456789</Id>
              <Issr>UmsStId</Issr>
            </Othr>
          </FinInstnId>
        </Svcr>
      </Acct>
      <Bal>
        <Tp>
          <CdOrPrtry>
            <Cd>PRCD</Cd>
          </CdOrPrtry>
        </Tp>
        <Amt Ccy="EUR">12347.32</Amt>
        <CdtDbtInd>CRDT</CdtDbtInd>
        <Dt>
          <Dt>2015-08-19</Dt>
        </Dt>
      </Bal>
      <Bal>
        <Tp>
          <CdOrPrtry>
            <Cd>CLBD</Cd>
          </CdOrPrtry>
        </Tp>
        <Amt Ccy="EUR">12314.12</Amt>
        <CdtDbtInd>CRDT</CdtDbtInd>
        <Dt>
          <Dt>2015-08-21</Dt>
        </Dt>
      </Bal>
      <Ntry>
        <Amt Ccy="EUR">1230.00</Amt>
        <CdtDbtInd>CRDT</CdtDbtInd>
        <Sts>BOOK</Sts>
        <BookgDt>
          <Dt>2015-08-21</Dt>
        </BookgDt>
        <ValDt>
          <Dt>2015-08-21</Dt>
        </ValDt>
        <AcctSvcrRef>ABC1234-CT2015-08-21-09.32.05.660040</AcctSvcrRef>
        <BkTxCd/>
        <NtryDtls>
          <TxDtls>
            <Refs>
              <AcctSvcrRef>ABC1234-CT2015-08-21-09.32.05.660040</AcctSvcrRef>
              <InstrId>ABC1234-CT2015-08-21-09.19.41.970626</InstrId>
              <EndToEndId>0002/1234567890/2015</EndToEndId>
              <TxId>ABCSDA50820ASDASDFDS640800000021</TxId>
            </Refs>
            <BkTxCd>
              <Prtry>
                <Cd>ABCDE+123+12345</Cd>
                <Issr>ASC</Issr>
              </Prtry>
            </BkTxCd>
            <RltdPties>
              <Dbtr>
                <Nm>Wayne Enterprises</Nm>
              </Dbtr>
              <DbtrAcct>
                <Id>
                  <IBAN>DE24302201900609832118</IBAN>
                </Id>
              </DbtrAcct>
              <Cdtr>
                <Nm>Cookie Cutter Company</Nm>
                <PstlAdr>
                  <AdrLine>Berlin</AdrLine>
                  <AdrLine>Infinite Loop 2</AdrLine>
                  <AdrLine>12345</AdrLine>
                </PstlAdr>
              </Cdtr>
              <CdtrAcct>
                <Id>
                  <IBAN>DE09300606010012345671</IBAN>
                </Id>
                <Tp>
                  <Cd>CACC</Cd>
                </Tp>
              </CdtrAcct>
            </RltdPties>
            <RltdAgts>
              <DbtrAgt>
                <FinInstnId>
                  <BIC>DAAEDEDDXXX</BIC>
                  <ClrSysMmbId>
                    <ClrSysId>
                      <Cd>ABCDEF</Cd>
                    </ClrSysId>
                    <MmbId>1232344234234</MmbId>
                  </ClrSysMmbId>
                </FinInstnId>
              </DbtrAgt>
              <CdtrAgt>
                <FinInstnId>
                  <BIC>DAAEDEDDXXX</BIC>
                  <ClrSysMmbId>
                    <ClrSysId>
                      <Cd>ABCDEF</Cd>
                    </ClrSysId>
                    <MmbId>123456789</MmbId>
                  </ClrSysMmbId>
                  <Nm>Bank</Nm>
                  <PstlAdr>
                    <AdrLine>Infinite Loop 1</AdrLine>
                    <AdrLine>Berlin</AdrLine>
                  </PstlAdr>
                </FinInstnId>
              </CdtrAgt>
            </RltdAgts>
            <RmtInf>
              <Ustrd>Nr. 1234567 / 06.08.2015</Ustrd>
            </RmtInf>
          </TxDtls>
        </NtryDtls>
        <AddtlNtryInf>Überweisungs-Gutschrift; GVC: SEPA Credit Transfer (Einzelbuchung-Haben)</AddtlNtryInf>
      </Ntry>
      <Ntry>
        <Amt Ccy="EUR">1235.17</Amt>
        <CdtDbtInd>CRDT</CdtDbtInd>
        <Sts>BOOK</Sts>
        <BookgDt>
          <Dt>2015-08-21</Dt>
        </BookgDt>
        <ValDt>
          <Dt>2015-08-21</Dt>
        </ValDt>
        <BkTxCd/>
        <NtryDtls>
          <TxDtls>
            <BkTxCd>
              <Prtry>
                <Cd>ABCDE+123+12345</Cd>
                <Issr>ASD</Issr>
              </Prtry>
            </BkTxCd>
            <RltdPties/>
            <RmtInf>
              <Ustrd>Geld</Ustrd>
              <Ustrd>Partner</Ustrd>
            </RmtInf>
          </TxDtls>
        </NtryDtls>
        <AddtlNtryInf>Geld; GVC: Überweisungsgutschrift</AddtlNtryInf>
      </Ntry>
      <Ntry>
        <Amt Ccy="EUR">12398</Amt>
        <CdtDbtInd>CRDT</CdtDbtInd>
        <Sts>BOOK</Sts>
        <BookgDt>
          <Dt>2015-08-21</Dt>
        </BookgDt>
        <ValDt>
          <Dt>2015-08-21</Dt>
        </ValDt>
        <AcctSvcrRef>ABC1234-CT2015-08-21-12.02.10.471512</AcctSvcrRef>
        <BkTxCd/>
        <NtryDtls>
          <TxDtls>
            <Refs>
              <AcctSvcrRef>ABC1234-CT2015-08-21-12.02.10.471512</AcctSvcrRef>
              <InstrId>ABC1234-CT2015-08-21-11.41.28.109381</InstrId>
              <TxId>ABC1234-CT2015-08-21-11.41.28.109381</TxId>
            </Refs>
            <BkTxCd>
              <Prtry>
                <Cd>ABCDE+123+12345</Cd>
                <Issr>ZKA</Issr>
              </Prtry>
            </BkTxCd>
            <RltdPties>
              <Dbtr>
                <Nm>Bank wg. Cookie Cutter Company</Nm>
              </Dbtr>
              <DbtrAcct>
                <Id>
                  <IBAN>DE09300606010012345671</IBAN>
                </Id>
              </DbtrAcct>
              <Cdtr>
                <Nm>Cookie Cutter Company</Nm>
                <PstlAdr>
                  <AdrLine>Berlin</AdrLine>
                  <AdrLine>Infinite Loop 2</AdrLine>
                  <AdrLine>12345</AdrLine>
                </PstlAdr>
              </Cdtr>
              <CdtrAcct>
                <Id>
                  <IBAN>DE09300606010012345671</IBAN>
                </Id>
                <Tp>
                  <Cd>CACC</Cd>
                </Tp>
              </CdtrAcct>
            </RltdPties>
            <RltdAgts>
              <DbtrAgt>
                <FinInstnId>
                  <BIC>DAAEDEDDXXX</BIC>
                  <ClrSysMmbId>
                    <ClrSysId>
                      <Cd>ABCDEF</Cd>
                    </ClrSysId>
                    <MmbId>123456789</MmbId>
                  </ClrSysMmbId>
                </FinInstnId>
              </DbtrAgt>
              <CdtrAgt>
                <FinInstnId>
                  <BIC>DAAEDEDDXXX</BIC>
                  <ClrSysMmbId>
                    <ClrSysId>
                      <Cd>ABCDEF</Cd>
                    </ClrSysId>
                    <MmbId>123456789</MmbId>
                  </ClrSysMmbId>
                  <Nm>Bank</Nm>
                  <PstlAdr>
                    <AdrLine>Infinite Loop 1</AdrLine>
                    <AdrLine>Berlin</AdrLine>
                  </PstlAdr>
                </FinInstnId>
              </CdtrAgt>
            </RltdAgts>
            <RmtInf>
              <Ustrd>25622</Ustrd>
            </RmtInf>
          </TxDtls>
        </NtryDtls>
        <AddtlNtryInf>Überweisungs-Gutschrift; GVC: SEPA Credit Transfer (Einzelbuchung-Haben)</AddtlNtryInf>
      </Ntry>
      <Ntry>
        <Amt Ccy="EUR">1231</Amt>
        <CdtDbtInd>CRDT</CdtDbtInd>
        <Sts>BOOK</Sts>
        <BookgDt>
          <Dt>2015-08-21</Dt>
        </BookgDt>
        <ValDt>
          <Dt>2015-08-21</Dt>
        </ValDt>
        <AcctSvcrRef>ABC1234-CT2015-08-21-12.02.10.471512</AcctSvcrRef>
        <BkTxCd/>
        <NtryDtls>
          <TxDtls>
            <Refs>
              <AcctSvcrRef>ABC1234-CT2015-08-21-12.02.10.471512</AcctSvcrRef>
              <InstrId>ABC1234-CT2015-08-21-11.41.28.113119</InstrId>
              <TxId>ABC1234-CT2015-08-21-11.41.28.113119</TxId>
            </Refs>
            <BkTxCd>
              <Prtry>
                <Cd>ABCDE+123+12345</Cd>
                <Issr>ZKA</Issr>
              </Prtry>
            </BkTxCd>
            <RltdPties>
              <Dbtr>
                <Nm>Bank wg. Cookie Cutter Company</Nm>
              </Dbtr>
              <DbtrAcct>
                <Id>
                  <IBAN>DE09300606010012345671</IBAN>
                </Id>
              </DbtrAcct>
              <Cdtr>
                <Nm>Cookie Cutter Company</Nm>
                <PstlAdr>
                  <AdrLine>Berlin</AdrLine>
                  <AdrLine>Infinite Loop 2</AdrLine>
                  <AdrLine>12345</AdrLine>
                </PstlAdr>
              </Cdtr>
              <CdtrAcct>
                <Id>
                  <IBAN>DE09300606010012345671</IBAN>
                </Id>
                <Tp>
                  <Cd>CACC</Cd>
                </Tp>
              </CdtrAcct>
            </RltdPties>
            <RltdAgts>
              <DbtrAgt>
                <FinInstnId>
                  <BIC>DAAEDEDDXXX</BIC>
                  <ClrSysMmbId>
                    <ClrSysId>
                      <Cd>ABCDEF</Cd>
                    </ClrSysId>
                    <MmbId>123456789</MmbId>
                  </ClrSysMmbId>
                </FinInstnId>
              </DbtrAgt>
              <CdtrAgt>
                <FinInstnId>
                  <BIC>DAAEDEDDXXX</BIC>
                  <ClrSysMmbId>
                    <ClrSysId>
                      <Cd>ABCDEF</Cd>
                    </ClrSysId>
                    <MmbId>123456789</MmbId>
                  </ClrSysMmbId>
                  <Nm>Bank</Nm>
                  <PstlAdr>
                    <AdrLine>Infinite Loop 1</AdrLine>
                    <AdrLine>Berlin</AdrLine>
                  </PstlAdr>
                </FinInstnId>
              </CdtrAgt>
            </RltdAgts>
            <RmtInf>
              <Ustrd>26131</Ustrd>
            </RmtInf>
          </TxDtls>
        </NtryDtls>
        <AddtlNtryInf>Überweisungs-Gutschrift; GVC: SEPA Credit Transfer (Einzelbuchung-Haben)</AddtlNtryInf>
      </Ntry>
      <Ntry>
        <Amt Ccy="EUR">12385</Amt>
        <CdtDbtInd>CRDT</CdtDbtInd>
        <Sts>BOOK</Sts>
        <BookgDt>
          <Dt>2015-08-21</Dt>
        </BookgDt>
        <ValDt>
          <Dt>2015-08-21</Dt>
        </ValDt>
        <AcctSvcrRef>ABC1234-CT2015-08-21-12.02.10.471512</AcctSvcrRef>
        <BkTxCd/>
        <NtryDtls>
          <TxDtls>
            <Refs>
              <AcctSvcrRef>ABC1234-CT2015-08-21-12.02.10.471512</AcctSvcrRef>
              <InstrId>ABC1234-CT2015-08-21-11.41.28.117793</InstrId>
              <TxId>ABC1234-CT2015-08-21-11.41.28.117793</TxId>
            </Refs>
            <BkTxCd>
              <Prtry>
                <Cd>ABCDE+123+12345</Cd>
                <Issr>ZKA</Issr>
              </Prtry>
            </BkTxCd>
            <RltdPties>
              <Dbtr>
                <Nm>Bank wg. Cookie Cutter Company</Nm>
              </Dbtr>
              <DbtrAcct>
                <Id>
                  <IBAN>DE09300606010012345671</IBAN>
                </Id>
              </DbtrAcct>
              <Cdtr>
                <Nm>Cookie Cutter Company</Nm>
                <PstlAdr>
                  <AdrLine>Berlin</AdrLine>
                  <AdrLine>Infinite Loop 2</AdrLine>
                  <AdrLine>12345</AdrLine>
                </PstlAdr>
              </Cdtr>
              <CdtrAcct>
                <Id>
                  <IBAN>DE09300606010012345671</IBAN>
                </Id>
                <Tp>
                  <Cd>CACC</Cd>
                </Tp>
              </CdtrAcct>
            </RltdPties>
            <RltdAgts>
              <DbtrAgt>
                <FinInstnId>
                  <BIC>DAAEDEDDXXX</BIC>
                  <ClrSysMmbId>
                    <ClrSysId>
                      <Cd>ABCDEF</Cd>
                    </ClrSysId>
                    <MmbId>123456789</MmbId>
                  </ClrSysMmbId>
                </FinInstnId>
              </DbtrAgt>
              <CdtrAgt>
                <FinInstnId>
                  <BIC>DAAEDEDDXXX</BIC>
                  <ClrSysMmbId>
                    <ClrSysId>
                      <Cd>ABCDEF</Cd>
                    </ClrSysId>
                    <MmbId>123456789</MmbId>
                  </ClrSysMmbId>
                  <Nm>Bank</Nm>
                  <PstlAdr>
                    <AdrLine>Infinite Loop 1</AdrLine>
                    <AdrLine>Berlin</AdrLine>
                  </PstlAdr>
                </FinInstnId>
              </CdtrAgt>
            </RltdAgts>
            <RmtInf>
              <Ustrd>24199</Ustrd>
            </RmtInf>
          </TxDtls>
        </NtryDtls>
        <AddtlNtryInf>Überweisungs-Gutschrift; GVC: SEPA Credit Transfer (Einzelbuchung-Haben)</AddtlNtryInf>
      </Ntry>
      <Ntry>
        <Amt Ccy="EUR">12306</Amt>
        <CdtDbtInd>CRDT</CdtDbtInd>
        <Sts>BOOK</Sts>
        <BookgDt>
          <Dt>2015-08-21</Dt>
        </BookgDt>
        <ValDt>
          <Dt>2015-08-21</Dt>
        </ValDt>
        <AcctSvcrRef>ABC1234-CT2015-08-21-12.02.10.471512</AcctSvcrRef>
        <BkTxCd/>
        <NtryDtls>
          <TxDtls>
            <Refs>
              <AcctSvcrRef>ABC1234-CT2015-08-21-12.02.10.471512</AcctSvcrRef>
              <InstrId>ABC1234-CT2015-08-21-11.41.28.120639</InstrId>
              <TxId>ABC1234-CT2015-08-21-11.41.28.120639</TxId>
            </Refs>
            <BkTxCd>
              <Prtry>
                <Cd>ABCDE+123+12345</Cd>
                <Issr>ZKA</Issr>
              </Prtry>
            </BkTxCd>
            <RltdPties>
              <Dbtr>
                <Nm>Bank wg. Cookie Cutter Company</Nm>
              </Dbtr>
              <DbtrAcct>
                <Id>
                  <IBAN>DE09300606010012345671</IBAN>
                </Id>
              </DbtrAcct>
              <Cdtr>
                <Nm>Cookie Cutter Company</Nm>
                <PstlAdr>
                  <AdrLine>Berlin</AdrLine>
                  <AdrLine>Infinite Loop 2</AdrLine>
                  <AdrLine>12345</AdrLine>
                </PstlAdr>
              </Cdtr>
              <CdtrAcct>
                <Id>
                  <IBAN>DE09300606010012345671</IBAN>
                </Id>
                <Tp>
                  <Cd>CACC</Cd>
                </Tp>
              </CdtrAcct>
            </RltdPties>
            <RltdAgts>
              <DbtrAgt>
                <FinInstnId>
                  <BIC>DAAEDEDDXXX</BIC>
                  <ClrSysMmbId>
                    <ClrSysId>
                      <Cd>ABCDEF</Cd>
                    </ClrSysId>
                    <MmbId>123456789</MmbId>
                  </ClrSysMmbId>
                </FinInstnId>
              </DbtrAgt>
              <CdtrAgt>
                <FinInstnId>
                  <BIC>DAAEDEDDXXX</BIC>
                  <ClrSysMmbId>
                    <ClrSysId>
                      <Cd>ABCDEF</Cd>
                    </ClrSysId>
                    <MmbId>123456789</MmbId>
                  </ClrSysMmbId>
                  <Nm>Bank</Nm>
                  <PstlAdr>
                    <AdrLine>Infinite Loop 1</AdrLine>
                    <AdrLine>Berlin</AdrLine>
                  </PstlAdr>
                </FinInstnId>
              </CdtrAgt>
            </RltdAgts>
            <RmtInf>
              <Ustrd>25184</Ustrd>
            </RmtInf>
          </TxDtls>
        </NtryDtls>
        <AddtlNtryInf>Überweisungs-Gutschrift; GVC: SEPA Credit Transfer (Einzelbuchung-Haben)</AddtlNtryInf>
      </Ntry>
      <Ntry>
        <Amt Ccy="EUR">123.76</Amt>
        <CdtDbtInd>CRDT</CdtDbtInd>
        <Sts>BOOK</Sts>
        <BookgDt>
          <Dt>2015-08-21</Dt>
        </BookgDt>
        <ValDt>
          <Dt>2015-08-21</Dt>
        </ValDt>
        <AcctSvcrRef>ABC1234-CT2015-08-21-12.02.10.471512</AcctSvcrRef>
        <BkTxCd/>
        <NtryDtls>
          <TxDtls>
            <Refs>
              <AcctSvcrRef>ABC1234-CT2015-08-21-12.02.10.471512</AcctSvcrRef>
              <InstrId>ABC1234-CT2015-08-21-11.41.28.123485</InstrId>
              <TxId>ABC1234-CT2015-08-21-11.41.28.123485</TxId>
            </Refs>
            <BkTxCd>
              <Prtry>
                <Cd>ABCDE+123+12345</Cd>
                <Issr>ZKA</Issr>
              </Prtry>
            </BkTxCd>
            <RltdPties>
              <Dbtr>
                <Nm>Bank wg. Cookie Cutter Company</Nm>
              </Dbtr>
              <DbtrAcct>
                <Id>
                  <IBAN>DE09300606010012345671</IBAN>
                </Id>
              </DbtrAcct>
              <Cdtr>
                <Nm>Cookie Cutter Company</Nm>
                <PstlAdr>
                  <AdrLine>Berlin</AdrLine>
                  <AdrLine>Infinite Loop 2</AdrLine>
                  <AdrLine>12345</AdrLine>
                </PstlAdr>
              </Cdtr>
              <CdtrAcct>
                <Id>
                  <IBAN>DE09300606010012345671</IBAN>
                </Id>
                <Tp>
                  <Cd>CACC</Cd>
                </Tp>
              </CdtrAcct>
            </RltdPties>
            <RltdAgts>
              <DbtrAgt>
                <FinInstnId>
                  <BIC>DAAEDEDDXXX</BIC>
                  <ClrSysMmbId>
                    <ClrSysId>
                      <Cd>ABCDEF</Cd>
                    </ClrSysId>
                    <MmbId>123456789</MmbId>
                  </ClrSysMmbId>
                </FinInstnId>
              </DbtrAgt>
              <CdtrAgt>
                <FinInstnId>
                  <BIC>DAAEDEDDXXX</BIC>
                  <ClrSysMmbId>
                    <ClrSysId>
                      <Cd>ABCDEF</Cd>
                    </ClrSysId>
                    <MmbId>123456789</MmbId>
                  </ClrSysMmbId>
                  <Nm>Bank</Nm>
                  <PstlAdr>
                    <AdrLine>Infinite Loop 1</AdrLine>
                    <AdrLine>Berlin</AdrLine>
                  </PstlAdr>
                </FinInstnId>
              </CdtrAgt>
            </RltdAgts>
            <RmtInf>
              <Ustrd>26126</Ustrd>
            </RmtInf>
          </TxDtls>
        </NtryDtls>
        <AddtlNtryInf>Überweisungs-Gutschrift; GVC: SEPA Credit Transfer (Einzelbuchung-Haben)</AddtlNtryInf>
      </Ntry>
      <Ntry>
        <Amt Ccy="EUR">12340</Amt>
        <CdtDbtInd>CRDT</CdtDbtInd>
        <Sts>BOOK</Sts>
        <BookgDt>
          <Dt>2015-08-21</Dt>
        </BookgDt>
        <ValDt>
          <Dt>2015-08-21</Dt>
        </ValDt>
        <AcctSvcrRef>ABC1234-CT2015-08-21-12.02.10.471512</AcctSvcrRef>
        <BkTxCd/>
        <NtryDtls>
          <TxDtls>
            <Refs>
              <AcctSvcrRef>ABC1234-CT2015-08-21-12.02.10.471512</AcctSvcrRef>
              <InstrId>ABC1234-CT2015-08-21-11.41.28.125256</InstrId>
              <TxId>ABC1234-CT2015-08-21-11.41.28.125256</TxId>
            </Refs>
            <BkTxCd>
              <Prtry>
                <Cd>ABCDE+123+12345</Cd>
                <Issr>ZKA</Issr>
              </Prtry>
            </BkTxCd>
            <RltdPties>
              <Dbtr>
                <Nm>Bank wg. Cookie Cutter Company</Nm>
              </Dbtr>
              <DbtrAcct>
                <Id>
                  <IBAN>DE09300606010012345671</IBAN>
                </Id>
              </DbtrAcct>
              <Cdtr>
                <Nm>Cookie Cutter Company</Nm>
                <PstlAdr>
                  <AdrLine>Berlin</AdrLine>
                  <AdrLine>Infinite Loop 2</AdrLine>
                  <AdrLine>12345</AdrLine>
                </PstlAdr>
              </Cdtr>
              <CdtrAcct>
                <Id>
                  <IBAN>DE09300606010012345671</IBAN>
                </Id>
                <Tp>
                  <Cd>CACC</Cd>
                </Tp>
              </CdtrAcct>
            </RltdPties>
            <RltdAgts>
              <DbtrAgt>
                <FinInstnId>
                  <BIC>DAAEDEDDXXX</BIC>
                  <ClrSysMmbId>
                    <ClrSysId>
                      <Cd>ABCDEF</Cd>
                    </ClrSysId>
                    <MmbId>123456789</MmbId>
                  </ClrSysMmbId>
                </FinInstnId>
              </DbtrAgt>
              <CdtrAgt>
                <FinInstnId>
                  <BIC>DAAEDEDDXXX</BIC>
                  <ClrSysMmbId>
                    <ClrSysId>
                      <Cd>ABCDEF</Cd>
                    </ClrSysId>
                    <MmbId>123456789</MmbId>
                  </ClrSysMmbId>
                  <Nm>Bank</Nm>
                  <PstlAdr>
                    <AdrLine>Infinite Loop 1</AdrLine>
                    <AdrLine>Berlin</AdrLine>
                  </PstlAdr>
                </FinInstnId>
              </CdtrAgt>
            </RltdAgts>
            <RmtInf>
              <Ustrd>38264</Ustrd>
            </RmtInf>
          </TxDtls>
        </NtryDtls>
        <AddtlNtryInf>Überweisungs-Gutschrift; GVC: SEPA Credit Transfer (Einzelbuchung-Haben)</AddtlNtryInf>
      </Ntry>
      <Ntry>
        <Amt Ccy="EUR">1236.98</Amt>
        <CdtDbtInd>CRDT</CdtDbtInd>
        <Sts>BOOK</Sts>
        <BookgDt>
          <Dt>2015-08-21</Dt>
        </BookgDt>
        <ValDt>
          <Dt>2015-08-21</Dt>
        </ValDt>
        <AcctSvcrRef>ABC1234-CT2015-08-21-12.02.10.471512</AcctSvcrRef>
        <BkTxCd/>
        <NtryDtls>
          <TxDtls>
            <Refs>
              <AcctSvcrRef>ABC1234-CT2015-08-21-12.02.10.471512</AcctSvcrRef>
              <InstrId>ABC1234-CT2015-08-21-11.41.28.127477</InstrId>
              <TxId>ABC1234-CT2015-08-21-11.41.28.127477</TxId>
            </Refs>
            <BkTxCd>
              <Prtry>
                <Cd>ABCDE+123+12345</Cd>
                <Issr>ZKA</Issr>
              </Prtry>
            </BkTxCd>
            <RltdPties>
              <Dbtr>
                <Nm>Bank wg. Cookie Cutter Company</Nm>
              </Dbtr>
              <DbtrAcct>
                <Id>
                  <IBAN>DE09300606010012345671</IBAN>
                </Id>
              </DbtrAcct>
              <Cdtr>
                <Nm>Cookie Cutter Company</Nm>
                <PstlAdr>
                  <AdrLine>Berlin</AdrLine>
                  <AdrLine>Infinite Loop 2</AdrLine>
                  <AdrLine>12345</AdrLine>
                </PstlAdr>
              </Cdtr>
              <CdtrAcct>
                <Id>
                  <IBAN>DE09300606010012345671</IBAN>
                </Id>
                <Tp>
                  <Cd>CACC</Cd>
                </Tp>
              </CdtrAcct>
            </RltdPties>
            <RltdAgts>
              <DbtrAgt>
                <FinInstnId>
                  <BIC>DAAEDEDDXXX</BIC>
                  <ClrSysMmbId>
                    <ClrSysId>
                      <Cd>ABCDEF</Cd>
                    </ClrSysId>
                    <MmbId>123456789</MmbId>
                  </ClrSysMmbId>
                </FinInstnId>
              </DbtrAgt>
              <CdtrAgt>
                <FinInstnId>
                  <BIC>DAAEDEDDXXX</BIC>
                  <ClrSysMmbId>
                    <ClrSysId>
                      <Cd>ABCDEF</Cd>
                    </ClrSysId>
                    <MmbId>123456789</MmbId>
                  </ClrSysMmbId>
                  <Nm>Bank</Nm>
                  <PstlAdr>
                    <AdrLine>Infinite Loop 1</AdrLine>
                    <AdrLine>Berlin</AdrLine>
                  </PstlAdr>
                </FinInstnId>
              </CdtrAgt>
            </RltdAgts>
            <RmtInf>
              <Ustrd>20075</Ustrd>
            </RmtInf>
          </TxDtls>
        </NtryDtls>
        <AddtlNtryInf>Überweisungs-Gutschrift; GVC: SEPA Credit Transfer (Einzelbuchung-Haben)</AddtlNtryInf>
      </Ntry>
      <Ntry>
        <Amt Ccy="EUR">1234.15</Amt>
        <CdtDbtInd>CRDT</CdtDbtInd>
        <Sts>BOOK</Sts>
        <BookgDt>
          <Dt>2015-08-21</Dt>
        </BookgDt>
        <ValDt>
          <Dt>2015-08-21</Dt>
        </ValDt>
        <AcctSvcrRef>ABC1234-CT2015-08-21-12.02.10.471512</AcctSvcrRef>
        <BkTxCd/>
        <NtryDtls>
          <TxDtls>
            <Refs>
              <AcctSvcrRef>ABC1234-CT2015-08-21-12.02.10.471512</AcctSvcrRef>
              <InstrId>ABC1234-CT2015-08-21-11.41.28.129016</InstrId>
              <TxId>ABC1234-CT2015-08-21-11.41.28.129016</TxId>
            </Refs>
            <BkTxCd>
              <Prtry>
                <Cd>ABCDE+123+12345</Cd>
                <Issr>ZKA</Issr>
              </Prtry>
            </BkTxCd>
            <RltdPties>
              <Dbtr>
                <Nm>Bank wg. Cookie Cutter Company</Nm>
              </Dbtr>
              <DbtrAcct>
                <Id>
                  <IBAN>DE09300606010012345671</IBAN>
                </Id>
              </DbtrAcct>
              <Cdtr>
                <Nm>Cookie Cutter Company</Nm>
                <PstlAdr>
                  <AdrLine>Berlin</AdrLine>
                  <AdrLine>Infinite Loop 2</AdrLine>
                  <AdrLine>12345</AdrLine>
                </PstlAdr>
              </Cdtr>
              <CdtrAcct>
                <Id>
                  <IBAN>DE09300606010012345671</IBAN>
                </Id>
                <Tp>
                  <Cd>CACC</Cd>
                </Tp>
              </CdtrAcct>
            </RltdPties>
            <RltdAgts>
              <DbtrAgt>
                <FinInstnId>
                  <BIC>DAAEDEDDXXX</BIC>
                  <ClrSysMmbId>
                    <ClrSysId>
                      <Cd>ABCDEF</Cd>
                    </ClrSysId>
                    <MmbId>123456789</MmbId>
                  </ClrSysMmbId>
                </FinInstnId>
              </DbtrAgt>
              <CdtrAgt>
                <FinInstnId>
                  <BIC>DAAEDEDDXXX</BIC>
                  <ClrSysMmbId>
                    <ClrSysId>
                      <Cd>ABCDEF</Cd>
                    </ClrSysId>
                    <MmbId>123456789</MmbId>
                  </ClrSysMmbId>
                  <Nm>Bank</Nm>
                  <PstlAdr>
                    <AdrLine>Infinite Loop 1</AdrLine>
                    <AdrLine>Berlin</AdrLine>
                  </PstlAdr>
                </FinInstnId>
              </CdtrAgt>
            </RltdAgts>
            <RmtInf>
              <Ustrd>25901</Ustrd>
            </RmtInf>
          </TxDtls>
        </NtryDtls>
        <AddtlNtryInf>Überweisungs-Gutschrift; GVC: SEPA Credit Transfer (Einzelbuchung-Haben)</AddtlNtryInf>
      </Ntry>
      <Ntry>
        <Amt Ccy="EUR">123.07</Amt>
        <CdtDbtInd>CRDT</CdtDbtInd>
        <Sts>BOOK</Sts>
        <BookgDt>
          <Dt>2015-08-21</Dt>
        </BookgDt>
        <ValDt>
          <Dt>2015-08-21</Dt>
        </ValDt>
        <AcctSvcrRef>ABC1234-CT2015-08-21-12.02.10.471512</AcctSvcrRef>
        <BkTxCd/>
        <NtryDtls>
          <TxDtls>
            <Refs>
              <AcctSvcrRef>ABC1234-CT2015-08-21-12.02.10.471512</AcctSvcrRef>
              <InstrId>ABC1234-CT2015-08-21-11.41.28.132318</InstrId>
              <TxId>ABC1234-CT2015-08-21-11.41.28.132318</TxId>
            </Refs>
            <BkTxCd>
              <Prtry>
                <Cd>ABCDE+123+12345</Cd>
                <Issr>ZKA</Issr>
              </Prtry>
            </BkTxCd>
            <RltdPties>
              <Dbtr>
                <Nm>Bank wg. Cookie Cutter Company</Nm>
              </Dbtr>
              <DbtrAcct>
                <Id>
                  <IBAN>DE09300606010012345671</IBAN>
                </Id>
              </DbtrAcct>
              <Cdtr>
                <Nm>Cookie Cutter Company</Nm>
                <PstlAdr>
                  <AdrLine>Berlin</AdrLine>
                  <AdrLine>Infinite Loop 2</AdrLine>
                  <AdrLine>12345</AdrLine>
                </PstlAdr>
              </Cdtr>
              <CdtrAcct>
                <Id>
                  <IBAN>DE09300606010012345671</IBAN>
                </Id>
                <Tp>
                  <Cd>CACC</Cd>
                </Tp>
              </CdtrAcct>
            </RltdPties>
            <RltdAgts>
              <DbtrAgt>
                <FinInstnId>
                  <BIC>DAAEDEDDXXX</BIC>
                  <ClrSysMmbId>
                    <ClrSysId>
                      <Cd>ABCDEF</Cd>
                    </ClrSysId>
                    <MmbId>123456789</MmbId>
                  </ClrSysMmbId>
                </FinInstnId>
              </DbtrAgt>
              <CdtrAgt>
                <FinInstnId>
                  <BIC>DAAEDEDDXXX</BIC>
                  <ClrSysMmbId>
                    <ClrSysId>
                      <Cd>ABCDEF</Cd>
                    </ClrSysId>
                    <MmbId>123456789</MmbId>
                  </ClrSysMmbId>
                  <Nm>Bank</Nm>
                  <PstlAdr>
                    <AdrLine>Infinite Loop 1</AdrLine>
                    <AdrLine>Berlin</AdrLine>
                  </PstlAdr>
                </FinInstnId>
              </CdtrAgt>
            </RltdAgts>
            <RmtInf>
              <Ustrd>35210</Ustrd>
            </RmtInf>
          </TxDtls>
        </NtryDtls>
        <AddtlNtryInf>Überweisungs-Gutschrift; GVC: SEPA Credit Transfer (Einzelbuchung-Haben)</AddtlNtryInf>
      </Ntry>
      <Ntry>
        <Amt Ccy="EUR">12387</Amt>
        <CdtDbtInd>CRDT</CdtDbtInd>
        <Sts>BOOK</Sts>
        <BookgDt>
          <Dt>2015-08-21</Dt>
        </BookgDt>
        <ValDt>
          <Dt>2015-08-21</Dt>
        </ValDt>
        <AcctSvcrRef>ABC1234-CT2015-08-21-12.02.10.471512</AcctSvcrRef>
        <BkTxCd/>
        <NtryDtls>
          <TxDtls>
            <Refs>
              <AcctSvcrRef>ABC1234-CT2015-08-21-12.02.10.471512</AcctSvcrRef>
              <InstrId>ABC1234-CT2015-08-21-11.41.28.134543</InstrId>
              <TxId>ABC1234-CT2015-08-21-11.41.28.134543</TxId>
            </Refs>
            <BkTxCd>
              <Prtry>
                <Cd>ABCDE+123+12345</Cd>
                <Issr>ZKA</Issr>
              </Prtry>
            </BkTxCd>
            <RltdPties>
              <Dbtr>
                <Nm>Bank wg. Cookie Cutter Company</Nm>
              </Dbtr>
              <DbtrAcct>
                <Id>
                  <IBAN>DE09300606010012345671</IBAN>
                </Id>
              </DbtrAcct>
              <Cdtr>
                <Nm>Cookie Cutter Company</Nm>
                <PstlAdr>
                  <AdrLine>Berlin</AdrLine>
                  <AdrLine>Infinite Loop 2</AdrLine>
                  <AdrLine>12345</AdrLine>
                </PstlAdr>
              </Cdtr>
              <CdtrAcct>
                <Id>
                  <IBAN>DE09300606010012345671</IBAN>
                </Id>
                <Tp>
                  <Cd>CACC</Cd>
                </Tp>
              </CdtrAcct>
            </RltdPties>
            <RltdAgts>
              <DbtrAgt>
                <FinInstnId>
                  <BIC>DAAEDEDDXXX</BIC>
                  <ClrSysMmbId>
                    <ClrSysId>
                      <Cd>ABCDEF</Cd>
                    </ClrSysId>
                    <MmbId>123456789</MmbId>
                  </ClrSysMmbId>
                </FinInstnId>
              </DbtrAgt>
              <CdtrAgt>
                <FinInstnId>
                  <BIC>DAAEDEDDXXX</BIC>
                  <ClrSysMmbId>
                    <ClrSysId>
                      <Cd>ABCDEF</Cd>
                    </ClrSysId>
                    <MmbId>123456789</MmbId>
                  </ClrSysMmbId>
                  <Nm>Bank</Nm>
                  <PstlAdr>
                    <AdrLine>Infinite Loop 1</AdrLine>
                    <AdrLine>Berlin</AdrLine>
                  </PstlAdr>
                </FinInstnId>
              </CdtrAgt>
            </RltdAgts>
            <RmtInf>
              <Ustrd>35538</Ustrd>
            </RmtInf>
          </TxDtls>
        </NtryDtls>
        <AddtlNtryInf>Überweisungs-Gutschrift; GVC: SEPA Credit Transfer (Einzelbuchung-Haben)</AddtlNtryInf>
      </Ntry>
      <Ntry>
        <Amt Ccy="EUR">123.30</Amt>
        <CdtDbtInd>CRDT</CdtDbtInd>
        <Sts>BOOK</Sts>
        <BookgDt>
          <Dt>2015-08-21</Dt>
        </BookgDt>
        <ValDt>
          <Dt>2015-08-21</Dt>
        </ValDt>
        <AcctSvcrRef>ABC1234-CT2015-08-21-12.02.10.471512</AcctSvcrRef>
        <BkTxCd/>
        <NtryDtls>
          <TxDtls>
            <Refs>
              <AcctSvcrRef>ABC1234-CT2015-08-21-12.02.10.471512</AcctSvcrRef>
              <InstrId>ABC1234-CT2015-08-21-11.41.28.136093</InstrId>
              <TxId>ABC1234-CT2015-08-21-11.41.28.136093</TxId>
            </Refs>
            <BkTxCd>
              <Prtry>
                <Cd>ABCDE+123+12345</Cd>
                <Issr>ZKA</Issr>
              </Prtry>
            </BkTxCd>
            <RltdPties>
              <Dbtr>
                <Nm>Bank wg. Cookie Cutter Company</Nm>
              </Dbtr>
              <DbtrAcct>
                <Id>
                  <IBAN>DE09300606010012345671</IBAN>
                </Id>
              </DbtrAcct>
              <Cdtr>
                <Nm>Cookie Cutter Company</Nm>
                <PstlAdr>
                  <AdrLine>Berlin</AdrLine>
                  <AdrLine>Infinite Loop 2</AdrLine>
                  <AdrLine>12345</AdrLine>
                </PstlAdr>
              </Cdtr>
              <CdtrAcct>
                <Id>
                  <IBAN>DE09300606010012345671</IBAN>
                </Id>
                <Tp>
                  <Cd>CACC</Cd>
                </Tp>
              </CdtrAcct>
            </RltdPties>
            <RltdAgts>
              <DbtrAgt>
                <FinInstnId>
                  <BIC>DAAEDEDDXXX</BIC>
                  <ClrSysMmbId>
                    <ClrSysId>
                      <Cd>ABCDEF</Cd>
                    </ClrSysId>
                    <MmbId>123456789</MmbId>
                  </ClrSysMmbId>
                </FinInstnId>
              </DbtrAgt>
              <CdtrAgt>
                <FinInstnId>
                  <BIC>DAAEDEDDXXX</BIC>
                  <ClrSysMmbId>
                    <ClrSysId>
                      <Cd>ABCDEF</Cd>
                    </ClrSysId>
                    <MmbId>123456789</MmbId>
                  </ClrSysMmbId>
                  <Nm>Bank</Nm>
                  <PstlAdr>
                    <AdrLine>Infinite Loop 1</AdrLine>
                    <AdrLine>Berlin</AdrLine>
                  </PstlAdr>
                </FinInstnId>
              </CdtrAgt>
            </RltdAgts>
            <RmtInf>
              <Ustrd>24995</Ustrd>
            </RmtInf>
          </TxDtls>
        </NtryDtls>
        <AddtlNtryInf>Überweisungs-Gutschrift; GVC: SEPA Credit Transfer (Einzelbuchung-Haben)</AddtlNtryInf>
      </Ntry>
      <AddtlStmtInf>ABCDEFG_000295_000001_AZG_NAV</AddtlStmtInf>
    </Stmt>
  </BkToCstmrStmt>
</Document>
