<?xml version="1.0" encoding="UTF-8" standalone="no"?>
<Document xmlns="ISO:camt.053.001.02:APC:STUZZA:payments:003">
  <BkToCstmrStmt>
    <GrpHdr>
      <MsgId>053D2013-12-27T22:05:03.0N130000005</MsgId>
      <CreDtTm>2019-03-01T19:00:00.000+01:00</CreDtTm>
      <MsgRcpt>
        <Nm>Testfirma GmbH</Nm>
      </MsgRcpt>
      <MsgPgntn>
        <PgNb>1</PgNb>
        <LastPgInd>true</LastPgInd>
      </MsgPgntn>
    </GrpHdr>
    <Stmt>
      <Id>0352C5320131227220503</Id>
      <LglSeqNb>201900002</LglSeqNb>
      <CreDtTm>2019-03-01T19:00:00.000+01:00</CreDtTm>
      <FrToDt>
        <FrDtTm>2019-03-01T00:00:00.000+01:00</FrDtTm>
        <ToDtTm>2019-03-01T23:59:59.999+01:00</ToDtTm>
      </FrToDt>
      <Acct>
        <Id>
          <IBAN>AT021200000703447144</IBAN>
        </Id>
        <Ccy>EUR</Ccy>
        <Ownr>
          <Nm>Testkonto Nummer 1</Nm>
        </Ownr>
        <Svcr>
          <FinInstnId>
            <BIC>BKAUATWWXXX</BIC>
          </FinInstnId>
        </Svcr>
      </Acct>
      <Bal>
        <Tp>
          <CdOrPrtry>
            <Cd>PRCD</Cd>
          </CdOrPrtry>
        </Tp>
        <Amt Ccy="EUR">150.00</Amt>
        <CdtDbtInd>CRDT</CdtDbtInd>
        <Dt>
          <Dt>2019-02-28</Dt>
        </Dt>
      </Bal>
      <Bal>
        <Tp>
          <CdOrPrtry>
            <Cd>CLBD</Cd>
          </CdOrPrtry>
        </Tp>
        <Amt Ccy="EUR">550.00</Amt>
        <CdtDbtInd>CRDT</CdtDbtInd>
        <Dt>
          <Dt>2019-03-01</Dt>
        </Dt>
      </Bal>
      <Bal>
        <Tp>
          <CdOrPrtry>
            <Cd>CLAV</Cd>
          </CdOrPrtry>
        </Tp>
        <Amt Ccy="EUR">550.00</Amt>
        <CdtDbtInd>CRDT</CdtDbtInd>
        <Dt>
          <Dt>2019-03-04</Dt>
        </Dt>
      </Bal>
      <TxsSummry>
        <TtlCdtNtries>
          <NbOfNtries>3</NbOfNtries>
          <Sum>400.00</Sum>
        </TtlCdtNtries>
        <TtlDbtNtries>
          <NbOfNtries>0</NbOfNtries>
          <Sum>0.00</Sum>
        </TtlDbtNtries>
      </TxsSummry>
      <Ntry>
        <Amt Ccy="EUR">50.00</Amt>
        <CdtDbtInd>CRDT</CdtDbtInd>
        <Sts>BOOK</Sts>
        <BookgDt>
          <Dt>2019-03-01</Dt>
        </BookgDt>
        <ValDt>
          <Dt>2019-03-01</Dt>
        </ValDt>
        <AcctSvcrRef>2013122710583450000</AcctSvcrRef>
        <BkTxCd>
          <Domn>
            <Cd>PMNT</Cd>
            <Fmly>
              <Cd>RCDT</Cd>
              <SubFmlyCd>ESCT</SubFmlyCd>
            </Fmly>
          </Domn>
          <Prtry>
            <Cd>166</Cd>
            <Issr>APC</Issr>
          </Prtry>
        </BkTxCd>
        <NtryDtls>
          <TxDtls>
            <Refs>
              <EndToEndId>Text Muster</EndToEndId>
              <TxId>120001903012190602382152366</TxId>
            </Refs>
            <AmtDtls>
              <TxAmt>
                <Amt Ccy="EUR">50.00</Amt>
              </TxAmt>
            </AmtDtls>
            <BkTxCd>
              <Domn>
                <Cd>PMNT</Cd>
                <Fmly>
                  <Cd>RCDT</Cd>
                  <SubFmlyCd>ESCT</SubFmlyCd>
                </Fmly>
              </Domn>
              <Prtry>
                <Cd>166</Cd>
                <Issr>APC</Issr>
              </Prtry>
            </BkTxCd>
            <RltdPties>
              <Dbtr>
                <Nm>Musterfrau Muster</Nm>
              </Dbtr>
              <DbtrAcct>
                <Id>
                  <IBAN>AT022050303300646365</IBAN>
                </Id>
              </DbtrAcct>
            </RltdPties>
            <RltdAgts>
              <DbtrAgt>
                <FinInstnId>
                  <BIC>BKAUATWW</BIC>
                </FinInstnId>
              </DbtrAgt>
            </RltdAgts>
            <RmtInf>
              <Strd>
                <CdtrRefInf>
                  <Tp>
                    <CdOrPrtry>
                      <Cd>SCOR</Cd>
                    </CdOrPrtry>
                  </Tp>
                  <Ref>201912341234</Ref>
                </CdtrRefInf>
              </Strd>
            </RmtInf>
          </TxDtls>
        </NtryDtls>
        <AddtlNtryInf>Gutschrift a/Muterfra Muster</AddtlNtryInf>
      </Ntry>
      <Ntry>
        <Amt Ccy="EUR">100.00</Amt>
        <CdtDbtInd>CRDT</CdtDbtInd>
        <Sts>BOOK</Sts>
        <BookgDt>
          <Dt>2019-03-01</Dt>
        </BookgDt>
        <ValDt>
          <Dt>2019-03-01</Dt>
        </ValDt>
        <AcctSvcrRef>190602382152396</AcctSvcrRef>
        <BkTxCd>
          <Domn>
            <Cd>PMNT</Cd>
            <Fmly>
              <Cd>RCDT</Cd>
              <SubFmlyCd>ESCT</SubFmlyCd>
            </Fmly>
          </Domn>
          <Prtry>
            <Cd>166</Cd>
            <Issr>APC</Issr>
          </Prtry>
        </BkTxCd>
        <NtryDtls>
          <TxDtls>
            <Refs>
              <EndToEndId>Test Muster</EndToEndId>
              <TxId>120001903012190602382152396</TxId>
            </Refs>
            <AmtDtls>
              <TxAmt>
                <Amt Ccy="EUR">100.00</Amt>
              </TxAmt>
            </AmtDtls>
            <BkTxCd>
              <Domn>
                <Cd>PMNT</Cd>
                <Fmly>
                  <Cd>RCDT</Cd>
                  <SubFmlyCd>ESCT</SubFmlyCd>
                </Fmly>
              </Domn>
              <Prtry>
                <Cd>166</Cd>
                <Issr>APC</Issr>
              </Prtry>
            </BkTxCd>
            <RltdPties>
              <Dbtr>
                <Nm>Musterfrau Muster</Nm>
              </Dbtr>
              <DbtrAcct>
                <Id>
                  <IBAN>AT022040400040102634</IBAN>
                </Id>
              </DbtrAcct>
            </RltdPties>
            <RltdAgts>
              <DbtrAgt>
                <FinInstnId>
                  <BIC>BKAUATWW</BIC>
                </FinInstnId>
              </DbtrAgt>
            </RltdAgts>
            <RmtInf>
              <Strd>
                <CdtrRefInf>
                  <Tp>
                    <CdOrPrtry>
                      <Cd>SCOR</Cd>
                    </CdOrPrtry>
                  </Tp>
                  <Ref>201912341234</Ref>
                </CdtrRefInf>
              </Strd>
            </RmtInf>
          </TxDtls>
        </NtryDtls>
        <AddtlNtryInf>Gutschrift a/Musterfrau Muster</AddtlNtryInf>
      </Ntry>
      <Ntry>
        <Amt Ccy="EUR">250.00</Amt>
        <CdtDbtInd>CRDT</CdtDbtInd>
        <Sts>BOOK</Sts>
        <BookgDt>
          <Dt>2019-03-01</Dt>
        </BookgDt>
        <ValDt>
          <Dt>2019-03-01</Dt>
        </ValDt>
        <AcctSvcrRef>190602382098886</AcctSvcrRef>
        <BkTxCd>
          <Domn>
            <Cd>PMNT</Cd>
            <Fmly>
              <Cd>RCDT</Cd>
              <SubFmlyCd>ESCT</SubFmlyCd>
            </Fmly>
          </Domn>
          <Prtry>
            <Cd>166</Cd>
            <Issr>APC</Issr>
          </Prtry>
        </BkTxCd>
        <NtryDtls>
          <TxDtls>
            <Refs>
              <EndToEndId>2019456456</EndToEndId>
              <TxId>120001903012190602382098886</TxId>
            </Refs>
            <AmtDtls>
              <TxAmt>
                <Amt Ccy="EUR">250.00</Amt>
              </TxAmt>
            </AmtDtls>
            <BkTxCd>
              <Domn>
                <Cd>PMNT</Cd>
                <Fmly>
                  <Cd>RCDT</Cd>
                  <SubFmlyCd>ESCT</SubFmlyCd>
                </Fmly>
              </Domn>
              <Prtry>
                <Cd>166</Cd>
                <Issr>APC</Issr>
              </Prtry>
            </BkTxCd>
            <RltdPties>
              <Dbtr>
                <Nm>Testzahlung Zwei</Nm>
              </Dbtr>
              <DbtrAcct>
                <Id>
                  <IBAN>AT021200000703447144</IBAN>
                </Id>
              </DbtrAcct>
            </RltdPties>
            <RltdAgts>
              <DbtrAgt>
                <FinInstnId>
                  <BIC>BKAUATWW</BIC>
                </FinInstnId>
              </DbtrAgt>
            </RltdAgts>
            <RmtInf>
              <Strd>
                <CdtrRefInf>
                  <Tp>
                    <CdOrPrtry>
                      <Cd>SCOR</Cd>
                    </CdOrPrtry>
                  </Tp>
                  <Ref>2019456456</Ref>
                </CdtrRefInf>
              </Strd>
            </RmtInf>
          </TxDtls>
        </NtryDtls>
        <AddtlNtryInf>Gutschrift a/Testzahlung Zwei</AddtlNtryInf>
      </Ntry>
    </Stmt>
  </BkToCstmrStmt>
</Document>
