<?xml version="1.0" encoding="UTF-8"?>
<Document xmlns:xsi="http://www.w3.org/2001/XMLSchema-instance" xmlns:xsd="http://www.w3.org/2001/XMLSchema" xmlns="urn:iso:std:iso:20022:tech:xsd:camt.053.001.02" xsi:schemaLocation="urn:iso:std:iso:20022:tech:xsd:camt.053.001.02 camt.053.001.02.xsd">
  <BkToCstmrStmt>
    <GrpHdr>
      <MsgId>201906240000000_2019062111111111</MsgId>
      <CreDtTm>2019-06-24T14:39:03.758+02:00</CreDtTm>
    </GrpHdr>
    <Stmt>
      <Id>2019062434566666666666666</Id>
      <CreDtTm>2019-06-24T14:39:03.923+02:00</CreDtTm>
      <FrToDt>
        <FrDtTm>2019-01-01T00:00:00</FrDtTm>
        <ToDtTm>2019-06-23T23:59:59</ToDtTm>
      </FrToDt>
      <Acct>
        <Id>
          <IBAN>NL18INGB00012345678</IBAN>
        </Id>
        <Tp>
          <Cd>CACC</Cd>
        </Tp>
        <Ccy>EUR</Ccy>
        <Svcr>
          <FinInstnId>
            <BIC>INGBNL2A</BIC>
          </FinInstnId>
        </Svcr>
      </Acct>
      <Bal>
        <Tp>
          <CdOrPrtry>
            <Cd>PRCD</Cd>
          </CdOrPrtry>
        </Tp>
        <Amt Ccy="EUR">7329.80</Amt>
        <CdtDbtInd>CRDT</CdtDbtInd>
        <Dt>
          <Dt>2018-12-31</Dt>
        </Dt>
      </Bal>
      <Bal>
        <Tp>
          <CdOrPrtry>
            <Cd>OPBD</Cd>
          </CdOrPrtry>
        </Tp>
        <Amt Ccy="EUR">7329.80</Amt>
        <CdtDbtInd>CRDT</CdtDbtInd>
        <Dt>
          <Dt>2019-01-01</Dt>
        </Dt>
      </Bal>
      <Bal>
        <Tp>
          <CdOrPrtry>
            <Cd>CLBD</Cd>
          </CdOrPrtry>
        </Tp>
        <Amt Ccy="EUR">23038.20</Amt>
        <CdtDbtInd>CRDT</CdtDbtInd>
        <Dt>
          <Dt>2019-06-23</Dt>
        </Dt>
      </Bal>
      <Bal>
        <Tp>
          <CdOrPrtry>
            <Cd>CLAV</Cd>
          </CdOrPrtry>
        </Tp>
        <Amt Ccy="EUR">23038.20</Amt>
        <CdtDbtInd>CRDT</CdtDbtInd>
        <Dt>
          <Dt>2019-06-23</Dt>
        </Dt>
      </Bal>
      <Bal>
        <Tp>
          <CdOrPrtry>
            <Cd>FWAV</Cd>
          </CdOrPrtry>
        </Tp>
        <Amt Ccy="EUR">23038.20</Amt>
        <CdtDbtInd>CRDT</CdtDbtInd>
        <Dt>
          <Dt>2019-06-24</Dt>
        </Dt>
      </Bal>
      <Bal>
        <Tp>
          <CdOrPrtry>
            <Cd>FWAV</Cd>
          </CdOrPrtry>
        </Tp>
        <Amt Ccy="EUR">23038.20</Amt>
        <CdtDbtInd>CRDT</CdtDbtInd>
        <Dt>
          <Dt>2019-06-25</Dt>
        </Dt>
      </Bal>
      <TxsSummry>
        <TtlNtries>
          <NbOfNtries>35</NbOfNtries>
          <Sum>41136.40</Sum>
        </TtlNtries>
        <TtlCdtNtries>
          <NbOfNtries>9</NbOfNtries>
          <Sum>28422.40</Sum>
        </TtlCdtNtries>
        <TtlDbtNtries>
          <NbOfNtries>26</NbOfNtries>
          <Sum>12714.00</Sum>
        </TtlDbtNtries>
      </TxsSummry>
      <Ntry>
        <NtryRef>032222222222222221000000001</NtryRef>
        <Amt Ccy="EUR">4753.74</Amt>
        <CdtDbtInd>DBIT</CdtDbtInd>
        <Sts>BOOK</Sts>
        <BookgDt>
          <Dt>2019-05-21</Dt>
        </BookgDt>
        <ValDt>
          <Dt>2019-05-21</Dt>
        </ValDt>
        <AcctSvcrRef>68047a4871ab34285b5555555502010c</AcctSvcrRef>
        <BkTxCd>
          <Domn>
            <Cd>PMNT</Cd>
            <Fmly>
              <Cd>ICDT</Cd>
              <SubFmlyCd>ESCT</SubFmlyCd>
            </Fmly>
          </Domn>
          <Prtry>
            <Cd>00200</Cd>
            <Issr>ING Group</Issr>
          </Prtry>
        </BkTxCd>
        <NtryDtls>
          <Btch>
            <PmtInfId>O0OpeAYTkhjerKu3eE9asw</PmtInfId>
            <MsgId>02453b1e17c11241073a777ad9c273b4149</MsgId>
            <NbOfTxs>3</NbOfTxs>
          </Btch>
        </NtryDtls>
      </Ntry>
      <Ntry>
        <NtryRef>032019164412145727005003002</NtryRef>
        <Amt Ccy="EUR">2688.00</Amt>
        <CdtDbtInd>CRDT</CdtDbtInd>
        <Sts>BOOK</Sts>
        <BookgDt>
          <Dt>2019-06-13</Dt>
        </BookgDt>
        <ValDt>
          <Dt>2019-06-13</Dt>
        </ValDt>
        <AcctSvcrRef>s8ecaaf0f96f492f603167c748a0b1c6</AcctSvcrRef>
        <BkTxCd>
          <Domn>
            <Cd>PMNT</Cd>
            <Fmly>
              <Cd>RCDT</Cd>
              <SubFmlyCd>ESCT</SubFmlyCd>
            </Fmly>
          </Domn>
          <Prtry>
            <Cd>00100</Cd>
            <Issr>ING Group</Issr>
          </Prtry>
        </BkTxCd>
        <NtryDtls>
          <TxDtls>
            <Refs>
              <EndToEndId>GBSXX21170607391766562</EndToEndId>
            </Refs>
            <RltdPties>
              <Dbtr>
                <Nm>TEST</Nm>
              </Dbtr>
              <DbtrAcct>
                <Id>
                  <IBAN>NL86INGB00066666666</IBAN>
                </Id>
                <Tp>
                  <Prtry>General</Prtry>
                </Tp>
                <Ccy>EUR</Ccy>
              </DbtrAcct>
            </RltdPties>
            <RltdAgts>
              <DbtrAgt>
                <FinInstnId>
                  <BIC>INGBNL2A</BIC>
                </FinInstnId>
              </DbtrAgt>
            </RltdAgts>
            <RmtInf>
              <Ustrd>TERUGGAAF</Ustrd>
            </RmtInf>
            <RltdDts>
              <TxDtTm>2019-06-12T00:00:00</TxDtTm>
            </RltdDts>
          </TxDtls>
        </NtryDtls>
      </Ntry>
      <Ntry>
        <NtryRef>032019169492039060000000002</NtryRef>
        <Amt Ccy="EUR">5000.00</Amt>
        <CdtDbtInd>CRDT</CdtDbtInd>
        <Sts>BOOK</Sts>
        <BookgDt>
          <Dt>2019-06-18</Dt>
        </BookgDt>
        <ValDt>
          <Dt>2019-06-18</Dt>
        </ValDt>
        <AcctSvcrRef>d36e51a0ff7e4561b11c2b1c5d79d9ea</AcctSvcrRef>
        <BkTxCd>
          <Domn>
            <Cd>PMNT</Cd>
            <Fmly>
              <Cd>RCDT</Cd>
              <SubFmlyCd>ESCT</SubFmlyCd>
            </Fmly>
          </Domn>
          <Prtry>
            <Cd>00100</Cd>
            <Issr>ING Group</Issr>
          </Prtry>
        </BkTxCd>
        <NtryDtls>
          <TxDtls>
            <RltdPties>
              <Dbtr>
                <Nm>Bedrijf BV</Nm>
              </Dbtr>
              <DbtrAcct>
                <Id>
                  <IBAN>NL11INGB0001234567</IBAN>
                </Id>
                <Tp>
                  <Prtry>General</Prtry>
                </Tp>
                <Ccy>EUR</Ccy>
              </DbtrAcct>
            </RltdPties>
            <RltdAgts>
              <DbtrAgt>
                <FinInstnId>
                  <BIC>INGBNL2A</BIC>
                </FinInstnId>
              </DbtrAgt>
            </RltdAgts>
          </TxDtls>
        </NtryDtls>
      </Ntry>
    </Stmt>
  </BkToCstmrStmt>
</Document>
