<?xml version="1.0" encoding="UTF-8" standalone="yes"?>
<Document xmlns="urn:iso:std:iso:20022:tech:xsd:camt.053.001.02">
  <BkToCstmrStmt>
    <GrpHdr>
      <MsgId>MSG-C053-190720325942-01</MsgId>
      <CreDtTm>2019-06-20T00:00:00</CreDtTm>
      <MsgRcpt>
        <Nm>Jon Doe</Nm>
      </MsgRcpt>
      <MsgPgntn>
        <PgNb>1</PgNb>
        <LastPgInd>true</LastPgInd>
      </MsgPgntn>
      <AddtlInf>PRODUCTIVE</AddtlInf>
    </GrpHdr>
    <Stmt>
      <Id>STM-C053-190720325942-06</Id>
      <ElctrncSeqNb>1</ElctrncSeqNb>
      <CreDtTm>2019-06-20T00:00:00</CreDtTm>
      <FrToDt>
        <FrDtTm>2019-05-13T00:00:00</FrDtTm>
        <ToDtTm>2019-06-19T00:00:00</ToDtTm>
      </FrToDt>
      <Acct>
        <Id>
          <IBAN>CH9788761065025111111</IBAN>
        </Id>
        <Ownr>
          <Nm>Jon Doe</Nm>
          <Id>
            <PrvtId>
              <Othr>
                <Id>8402342</Id>
              </Othr>
            </PrvtId>
          </Id>
        </Ownr>
      </Acct>
      <Bal>
        <Tp>
          <CdOrPrtry>
            <Cd>OPBD</Cd>
          </CdOrPrtry>
        </Tp>
        <Amt Ccy="CHF">100</Amt>
        <CdtDbtInd>CRDT</CdtDbtInd>
        <Dt>
          <Dt>2019-05-13</Dt>
        </Dt>
      </Bal>
      <Bal>
        <Tp>
          <CdOrPrtry>
            <Cd>CLBD</Cd>
          </CdOrPrtry>
        </Tp>
        <Amt Ccy="CHF">4500.00</Amt>
        <CdtDbtInd>CRDT</CdtDbtInd>
        <Dt>
          <Dt>2019-05-13</Dt>
        </Dt>
      </Bal>
      <TxsSummry>
        <TtlCdtNtries>
          <NbOfNtries>1</NbOfNtries>
          <Sum>4500.00</Sum>
        </TtlCdtNtries>
        <TtlNtriesPerBkTxCd>
          <NbOfNtries>1</NbOfNtries>
          <Sum>4500.00</Sum>
          <CdtDbtInd>CRDT</CdtDbtInd>
          <BkTxCd>
            <Domn>
              <Cd>*</Cd>
              <Fmly>
                <Cd>*</Cd>
                <SubFmlyCd>OTHR</SubFmlyCd>
              </Fmly>
            </Domn>
          </BkTxCd>
        </TtlNtriesPerBkTxCd>
      </TxsSummry>
      <Ntry>
        <NtryRef>1340044232</NtryRef>
        <Amt Ccy="CHF">4500.00</Amt>
        <CdtDbtInd>CRDT</CdtDbtInd>
        <Sts>BOOK</Sts>
        <BookgDt>
          <Dt>2019-05-13</Dt>
        </BookgDt>
        <ValDt>
          <Dt>2019-05-13</Dt>
        </ValDt>
        <AcctSvcrRef>1340044232</AcctSvcrRef>
        <BkTxCd>
          <Domn>
            <Cd>*</Cd>
            <Fmly>
              <Cd>*</Cd>
              <SubFmlyCd>OTHR</SubFmlyCd>
            </Fmly>
          </Domn>
        </BkTxCd>
        <NtryDtls>
          <TxDtls>
            <AmtDtls>
              <InstdAmt>
                <Amt Ccy="CHF">4500.00</Amt>
              </InstdAmt>
              <TxAmt>
                <Amt Ccy="CHF">0.04</Amt>
              </TxAmt>
              <PrtryAmt>
                <Tp>IBS</Tp>
                <Amt Ccy="CHF">0.03</Amt>
              </PrtryAmt>
            </AmtDtls>
            <BkTxCd>
              <Domn>
                <Cd>*</Cd>
                <Fmly>
                  <Cd>*</Cd>
                  <SubFmlyCd>OTHR</SubFmlyCd>
                </Fmly>
              </Domn>
            </BkTxCd>
            <RltdPties/>
            <RmtInf>
              <Ustrd>Praxis am Weiher</Ustrd>
            </RmtInf>
            <AddtlTxInf>Zahlungseingang / Ref.-Nr.  99999</AddtlTxInf>
          </TxDtls>
        </NtryDtls>
        <AddtlNtryInf>Zahlungseingang / Ref.-Nr.  99999</AddtlNtryInf>
      </Ntry>
    </Stmt>
  </BkToCstmrStmt>
</Document>
